@article{kw_SB,
      author         = "Klebanov, Igor R. and Witten, Edward",
      title          = "{AdS / CFT correspondence and symmetry breaking}",
      journal        = "Nucl. Phys.",
      volume         = "B556",
      year           = "1999",
      pages          = "89-114",
      doi            = "10.1016/S0550-3213(99)00387-9",
      eprint         = "hep-th/9905104",
      archivePrefix  = "arXiv",
      primaryClass   = "hep-th",
      reportNumber   = "PUPT-1863, IASSNS-HEP-99-49",
      SLACcitation   = "%%CITATION = HEP-TH/9905104;%%"
}
